<?xml version="1.0" encoding="UTF-8"?>
<collection xmlns:xsi="http://www.w3.org/2001/XMLSchema-instance" xsi:schemaLocation="http://www.loc.gov/MARC21/slim http://www.loc.gov/standards/marcxml/schema/MARC21slim.xsd" xmlns="http://www.loc.gov/MARC21/slim">
<record>
  <leader>01339cam a2200301Mi 4500</leader>
  <controlfield tag="001">2958144</controlfield>
  <controlfield tag="003">NNC</controlfield>
  <controlfield tag="005">20160118123320.0</controlfield>
  <controlfield tag="008">890925s1932    ua a          000 0 ara d</controlfield>
  <datafield tag="035" ind1=" " ind2=" ">
    <subfield code="9">ASK3248CU</subfield>
  </datafield>
  <datafield tag="035" ind1=" " ind2=" ">
    <subfield code="a">(OCoLC)ocm68139229</subfield>
  </datafield>
  <datafield tag="035" ind1=" " ind2=" ">
    <subfield code="a">(OCoLC)68139229</subfield>
  </datafield>
  <datafield tag="035" ind1=" " ind2=" ">
    <subfield code="a">(NNC)2958144</subfield>
  </datafield>
  <datafield tag="040" ind1=" " ind2=" ">
    <subfield code="a">EYM</subfield>
    <subfield code="b">eng</subfield>
    <subfield code="c">EYM</subfield>
    <subfield code="d">OCLCG</subfield>
    <subfield code="d">OCLCF</subfield>
    <subfield code="d">OCLCO</subfield>
    <subfield code="d">OCLCQ</subfield>
  </datafield>
  <datafield tag="043" ind1=" " ind2=" ">
    <subfield code="a">a-su---</subfield>
  </datafield>
  <datafield tag="100" ind1="1" ind2=" ">
    <subfield code="a">Muṣṭafá, Muḥammad,</subfield>
    <subfield code="c">Duktūr.</subfield>
  </datafield>
  <datafield tag="245" ind1="1" ind2="0">
    <subfield code="a">Fī al-mamlakah al-rūḥīyah lil-ʻālam al-Islāmī :</subfield>
    <subfield code="b">riḥlah ilá al-arḍ al-muqaddasah ʻām 1349 hijrah 1931 mīlādīyah /</subfield>
    <subfield code="c">bi-qalam Muṣṭafá Muḥammad.</subfield>
  </datafield>
  <datafield tag="250" ind1=" " ind2=" ">
    <subfield code="a">al-Ṭabʻah 1.</subfield>
  </datafield>
  <datafield tag="260" ind1=" " ind2=" ">
    <subfield code="a">[Egypt] :</subfield>
    <subfield code="b">Maṭbaʻat al-Madīnah al-Munawwurah,</subfield>
    <subfield code="c">[1932?]</subfield>
  </datafield>
  <datafield tag="300" ind1=" " ind2=" ">
    <subfield code="a">229 pages :</subfield>
    <subfield code="b">illustrations ;</subfield>
    <subfield code="c">24 cm</subfield>
  </datafield>
  <datafield tag="336" ind1=" " ind2=" ">
    <subfield code="a">text</subfield>
    <subfield code="b">txt</subfield>
    <subfield code="2">rdacontent</subfield>
  </datafield>
  <datafield tag="337" ind1=" " ind2=" ">
    <subfield code="a">unmediated</subfield>
    <subfield code="b">n</subfield>
    <subfield code="2">rdamedia</subfield>
  </datafield>
  <datafield tag="338" ind1=" " ind2=" ">
    <subfield code="a">volume</subfield>
    <subfield code="b">nc</subfield>
    <subfield code="2">rdacarrier</subfield>
  </datafield>
  <datafield tag="650" ind1=" " ind2="0">
    <subfield code="a">Muslim pilgrims and pilgrimages</subfield>
    <subfield code="z">Saudi Arabia</subfield>
    <subfield code="z">Mecca.</subfield>
  </datafield>
  <datafield tag="650" ind1=" " ind2="7">
    <subfield code="a">Muslim pilgrims and pilgrimages.</subfield>
    <subfield code="2">fast</subfield>
    <subfield code="0">(OCoLC)fst01030970</subfield>
  </datafield>
  <datafield tag="651" ind1=" " ind2="7">
    <subfield code="a">Saudi Arabia</subfield>
    <subfield code="z">Mecca.</subfield>
    <subfield code="2">fast</subfield>
    <subfield code="0">(OCoLC)fst01204780</subfield>
  </datafield>
  <datafield tag="776" ind1="0" ind2="8">
    <subfield code="i">Online version:</subfield>
    <subfield code="a">Muṣṭafá, Muḥammad, Duktūr.</subfield>
    <subfield code="t">Fī al-mamlakah al-rūḥīyah lil-ʻālam al-Islāmī.</subfield>
    <subfield code="b">al-Ṭabʻah 1.</subfield>
    <subfield code="d">[Egypt] : Maṭbaʻat al-Madīnah al-Munawwurah, [1932?]</subfield>
    <subfield code="w">(OCoLC)551624311</subfield>
  </datafield>
  <datafield tag="955" ind1=" " ind2=" ">
    <subfield code="b">CU55321291</subfield>
    <subfield code="d">off,glx</subfield>
    <subfield code="e">BP187.3 .R33</subfield>
  </datafield>
</record>
</collection>